@misc{wiki:lj,
  author = "Wikipedia",
  title = "{Lennard-Jones potential --- Wikipedia{,} The Free Encyclopedia}",
  year = "2015",
  note = "[{\url{https://en.wikipedia.org/w/index.php?title=Lennard-Jones_potential&oldid=694525432}}; accessed 27-January-2016]"
}

@misc{scipy,
  author = "Scipy developers",
  title = "{scipy.org}",
  year = "2016",
  note = "[{\url{https://www.scipy.org/}}; accessed 22-May-2016]"
}


@misc{davies,
  author = "{Jason Davies}",
  title = "{Diffusion-limited aggregation}",
  note = "[{\url{https://www.jasondavies.com/dla/}}; accessed 10-May-2016]"
}

@unpublished{scico1,
author = "{J. Camphuijsen, R. Kasim}",
title = "{Scientific Computing 1 - Exploring the SciCoPyth's mind}",
year = {2016}
}

@book{griffiths,
   author = "David J. Griffiths",
   title = "{Introduction to Quantum Mechanics}",
   publisher = "Pearson Education",
   year = "2005"
}

@book{numMeth,
   author = "William F. Ames",
   title = "{Numerical Methods for Partial Differential Equations}",
   publisher = "Thomas Nelson and Sons LTD",
   year = "1969"
}

@book{sciComp,
   author = "Micheal T. Heath",
   title = "{Scientific Computing: An Introductory Survey}",
   publisher = "Elizabeth A. Jones",
   edition = "2nd",
   year = "2002",
   ISBN = "0-07-112229-x" 
}


@misc{sunsistemoGH,
  author = "{Jaro Camphuijsen, Rahiel Kasim}",
  title = "{Sunsistemo on GitHub}",
  note = "[{\url{https://github.com/sunsistemo/sunsistemo}}; accessed 12-April-2016]"
}

@misc{sunsistemo,
  author = "{Jaro Camphuijsen, Rahiel Kasim}",
  title = "{Sunsistemo - The N-Body Simulator}",
  note = "[{\url{https://sunsistemo.js.org}}; accessed 12-April-2016]"
}

@misc{SciCoPythGH,
  author = "{Jaro Camphuijsen, Rahiel Kasim}",
  title = "{SciCoPyth on GitHub}",
  note = "[{\url{https://github.com/sunsistemo/SciCoPyth}}; accessed 12-April-2016]"
}


