@misc{wiki:lj,
  author = "Wikipedia",
  title = "{Lennard-Jones potential --- Wikipedia{,} The Free Encyclopedia}",
  year = "2015",
  note = "[{\url{https://en.wikipedia.org/w/index.php?title=Lennard-Jones_potential&oldid=694525432}}; accessed 27-January-2016]"
}


@misc{overleaf,
  author = "{Overleaf}",
  title = "{Overleaf: Collaborative Writing and Publishing}",
  note = "[{\url{https://www.overleaf.com/}}; accessed 12-April-2016]"
}

@article{multi,
author = {Glenn J.   Martyna  and  Mark E.   Tuckerman  and  Douglas J.   Tobias  and  Michael L.   Klein},
title = {Explicit reversible integrators for extended systems dynamics},
journal = {Molecular Physics},
volume = {87},
number = {5},
pages = {1117-1157},
year = {1996},
doi = {10.1080/00268979600100761},
URL = {http://dx.doi.org/10.1080/00268979600100761},
eprint = {http://dx.doi.org/10.1080/00268979600100761}
}

@book{numMeth,
   author = "William F. Ames",
   title = "{Numerical Methods for Partial Differential Equations}",
   publisher = "Thomas Nelson and Sons LTD",
   year = "1969"
}

@book{sciComp,
   author = "Micheal T. Heath",
   title = "{Scientific Computing: An Introductory Survey}",
   publisher = "Elizabeth A. Jones",
   edition = "2nd",
   year = "2002",
   ISBN = "0-07-112229-x" 
}


@misc{sunsistemoGH,
  author = "{Jaro Camphuijsen, Rahiel Kasim}",
  title = "{Sunsistemo on GitHub}",
  note = "[{\url{https://github.com/sunsistemo/sunsistemo}}; accessed 12-April-2016]"
}

@misc{sunsistemo,
  author = "{Jaro Camphuijsen, Rahiel Kasim}",
  title = "{Sunsistemo - The N-Body Simulator}",
  note = "[{\url{https://sunsistemo.js.org}}; accessed 12-April-2016]"
}

@misc{SciCoPythGH,
  author = "{Jaro Camphuijsen, Rahiel Kasim}",
  title = "{SciCoPyth on GitHub}",
  note = "[{\url{https://github.com/sunsistemo/SciCoPyth}}; accessed 12-April-2016]"
}


